@misc{ego,
	title = { {ego} Effective Go!},
	url = {https://golang.org/doc/effective_go.html},
	urldate = {2015-04-10}
}

@book{golang_book,
	title = {An Introduction to Programming in Go},
	url = {http://www.golang-book.com/},
	urldate = {2015-04-10},
	author = {Caleb Doxsey},
	year = {2012}
}

@book{rfc4303,
	title = {IP Encapsulating Security Payload (ESP)},
	url = {https://tools.ietf.org/html/rfc4303},
	urldate = {2015-04-13},
	author = {S. Kent},
	year = {2005}
}